@misc{
rsakey, 
title={{RSA Key Lengths}}, 
url={https://www.javamex.com/tutorials/cryptography/rsa_key_length.shtml},
journal={JavaMex}, 
year={2021}, 
}

@misc{
detours, 
title={{Function Detouring}}, 
url={https://documentation.help/Detours/Ove_Interception.htm},
year={2021}, 
}

@misc{
aes_summary, 
title={{AES Summary}}, 
url={http://etutorials.org/shared/images/tutorials/tutorial_113/afig03.gif},
year={2021}, 
}

@misc{
waterfall, 
title={{Waterfall Model}}, 
url={https://upload.wikimedia.org/wikipedia/commons/7/7e/SDLC-Maintenance-Highlighted.png},
year={2021}, 
}

@misc{
spiral, 
title={{Spiral Model}}, 
url={https://ultimatesdlc.com/wp-content/uploads/2011/08/Boehm-Spiral-Model.jpg},
year={2021}, 
}

@misc{
mcu_block, 
title={{Microcontroller}}, 
url={https://www.engineersgarage.com/wp-content/uploads/2019/07/Block-Diagram-Showing-Architecture-Avr-Microcontroller.jpg},
year={2021}, 
}

@misc{
usb_block, 
title={{USB Block Diagram}}, 
url={https://industrialin.com/sites/default/files/800px-USB_pipes_and_endpoints_\%28en\%29.svg.png},
year={2021}, 
}

@article{user_behaviours,
author = {Bryant, Kay and Campbell, John},
year = {2006},
month = {11},
pages = {},
title = {User Behaviours Associated With Password Security and Management},
volume = {14},
journal = {Australasian Journal of Information Systems},
doi = {10.3127/ajis.v14i1.9}
}

@article{network_security,
author = {Ruambo, Francis},
year = {2019},
month = {02},
pages = {834-841},
title = {Network Security: A Brief Overview of Evolving Strategies and Challenges},
volume = {8},
journal = {International Journal of Science and Research (IJSR)},
doi = {10.21275/ART20194980}
}

@article{least_privilege,
author = {Benzel, Terry and Irvine, Cynthia and Levin, Timothy and Bhaskara, Ganesha and Nguyen, Thuy and Clark, Paul},
year = {2005},
month = {01},
pages = {},
title = {Design Principles for Security}
}

@article{least_privilege2,
author = {Kriti, Indu Kashyap},
year = {2013},
month = {05},
title = {Database Security \& Access Control Models: A Brief Overview},
volume = {2},
journal = {International Journal of Engineering Research \& Technology (IJERT)},
}


@ARTICLE{isolation,
  author={Mailloux, Logan and Beach, Paul and Span, Martin},
  journal={Proceedings of the IEEE}, 
  title={Examination of security design principles from NIST SP 800-160}, 
  year={2018},
  doi={10.1109/SYSCON.2018.8369491}}
  
@article{virtual_machine,
author = {Ali, Ishtiaq and Meghanathan, Natarajan},
year = {2011},
month = {01},
pages = {},
title = {Virtual Machines And Networks - Installation, Performance, Study, Advantages And Virtualization Options},
volume = {abs/1105.0061},
journal = {International Journal of Network Security \& Its Applications},
doi = {10.5121/ijnsa.2011.3101}
}

@ARTICLE{open_design,
  author={J. H. {Saltzer} and M. D. {Schroeder}},
  journal={Proceedings of the IEEE}, 
  title={The protection of information in computer systems}, 
  year={1975},
  volume={63},
  number={9},
  pages={1278-1308},
  doi={10.1109/PROC.1975.9939}}
  
@article{reverse_engineering,
author = {Ramandeep Singh},
year = {2013},
month = {01},
pages = {},
title = {A Review of Reverse Engineering Theories and Tools},
volume = {2},
journal = {International Journal of Engineering Science Invention},
doi = {10.5121/ijnsa.2011.3101}
}

@misc{
SAFECode, 
title={{Fundamental Practices for Secure Software Development, Third Edition}},
author={Tony Rice}, 
year={2018}, 
month={March}
}

@article{trustworthyness,
author = {Tao, Hongwei and Yixiang, Chen and Wu, Hengyang and Rumei, Deng},
year = {2019},
month = {01},
pages = {2364},
title = {A Survey of Software Trustworthiness Measurements},
volume = {15},
journal = {International Journal of Performability Engineering},
doi = {10.23940/ijpe.19.09.p9.23642372}
}

@article{defense_indepth,
author = {Cleghorn, Lance},
year = {2013},
month = {01},
pages = {144-149},
title = {Network Defense Methodology: A Comparison of Defense in Depth and Defense in Breadth},
volume = {04},
journal = {Journal of Information Security},
doi = {10.4236/jis.2013.43017}
}

@inproceedings{embedded_security,
author = {Fysarakis, Konstantinos and Manifavas, Harry and Rantos, Konstantinos},
year = {2011},
month = {09},
pages = {},
title = {Embedded Systems Security, Aspects of secure embedded systems design and implementation}
}

@article{brute_forcing,
author = {Han, Aaron L.-F and Wong, Derek and Chao, Lidia},
year = {2014},
month = {12},
pages = {},
title = {Password Cracking and Countermeasures in Computer Security: A Survey},
doi = {10.13140/2.1.2652.8329}
}


@article{brute_forcing2,
author = {Konark Truptiben Dave},
year = {2013},
month = {06},
title = {Brute-force Attack 'Seeking but Distressing'},
volume = {02},
journal = {International Journal of Innovations in Engineering and Technology},
doi = {10.4236/jis.2013.43017}
}


@article{buffer_overflow,
author = {Samanvay Gupta},
year = {2012},
month = {01},
pages = {10-23},
title = {Buffer Overflow Attack},
volume = {01},
journal = {IOSR Journal of Computer Engineering},
doi = {10.4236/jis.2013.43017}
}
@article{buffer_overflow2,
author = {Nayak, Lopamudra and Meghanathan, Natarajan},
year = {2011},
month = {01},
pages = {},
title = {On Approaches for Detection and Resolution of Buffer Overflow Attacks},
volume = {1},
journal = {International Journal of Research and Reviews in Computer Science}
}


@article{code_injection,
author = {Eresheim, Sebastian and Luh, Robert and Schrittwieser, Sebastian},
year = {2017},
month = {09},
pages = {866-874},
title = {The Evolution of Process Hiding Techniques in Malware - Current Threats and Possible Countermeasures},
volume = {25},
journal = {Journal of Information Processing},
doi = {10.2197/ipsjjip.25.866}
}


@article{game_hacking,
author = {Lee, Chang and Kim, Huy Kang and Kim, Kyounggon},
year = {2020},
month = {12},
pages = {1-11},
title = {A method for preventing online games hacking using memory monitoring},
volume = {43},
journal = {Etri Journal},
doi = {10.4218/etrij.2019-0427}
}

@inproceedings{code_injection2,
author = {Hu, Wei and Hiser, Jason and Williams, Daniel and Filipi, Adrian and Davidson, Jack and Evans, David and Knight, John and Nguyen-tuong, Anh and Rowanhill, Jonathan},
year = {2006},
month = {06},
pages = {2-12},
title = {Secure and practical defense against code-injection attacks using software dynamic translation},
volume = {2006},
doi = {10.1145/1134760.1134764}
}

@article{malware,
author = {Ray, Anusmita and Nath, Asoke},
year = {2016},
month = {11},
pages = {22-30},
title = {Introduction to Malware and Malware Analysis: A brief overview},
volume = {Volume 4},
journal = {International Journal of Advance Research in Computer Science and Management Studies}
}


@article{malware_2,
author = {Xue, Mingfu and Yuan, Chengxiang and Wu, Heyi and Zhang, Yushu and Liu, Weiqiang},
year = {2020},
month = {04},
pages = {1-1},
title = {Machine Learning Security: Threats, Countermeasures, and Evaluations},
volume = {PP},
journal = {IEEE Access},
doi = {10.1109/ACCESS.2020.2987435}
}


@article{mitm,
author = {Mallik, Avijit and Ahsan, Abid and Shahadat, Mhia and Tsou, Jia-Chi},
year = {2019},
month = {01},
pages = {77-92},
title = {Man-in-the-middle-attack: Understanding in simple words},
journal = {International Journal of Data and Network Science},
volume = {3},
doi = {10.5267/j.ijdns.2019.1.001}
}

@article{dos,
author = {Mahjabin, Tasnuva and Xiao, Yang and Sun, Guang and Jiang, Wangdong},
year = {2017},
month = {12},
pages = {155014771774146},
title = {A survey of distributed denial-of-service attack, prevention, and mitigation techniques},
volume = {13},
journal = {International Journal of Distributed Sensor Networks},
doi = {10.1177/1550147717741463}
}

@article{power_analysis,
author = {Randolph, Mark and Diehl, William},
year = {2020},
month = {05},
pages = {15},
title = {Power Side-Channel Attack Analysis: A Review of 20 Years of Study for the Layman},
volume = {4},
journal = {Cryptography Journal},
doi = {10.3390/cryptography4020015}
}

@INPROCEEDINGS{power2,
  author={Saito, Megumi and Mizuki, Takaaki and Sone, Hideaki and Hayashi, Yu-ichi},
  booktitle={2015 10th International Workshop on the Electromagnetic Compatibility of Integrated Circuits (EMC Compo)}, 
  title={Fundamental study on randomized processing in cryptographic IC using variable clock against Correlation Power Analysis}, 
  year={2015},
  volume={},
  number={},
  pages={39-43},
  doi={10.1109/EMCCompo.2015.7358327}}
  
  
@article{encryption_standards,
author = {Singh, Gurpreet and Kinger, Supriya},
year = {2013},
month = {04},
pages = {33-38},
title = {A Study of Encryption Algorithms (RSA, DES, 3DES and AES) for Information Security},
volume = {67},
journal = {International Journal of Computer Applications},
doi = {10.5120/11507-7224}
}

@article{des3,
author = {R. Sivakumar, B. Balakumar, Arivu Pandeeswaran},
year = {2018},
month = {04},
title = {A Study of Encryption Algorithms (DES, 3DES and AES) for Information
Security},
volume = {05},
journal = {International Research Journal of Engineering and Technology (IRJET)},
doi = {10.5120/11507-7224}
}

@misc{
des_deprecated, 
title={{Security Implications of Using the Data Encryption Standard (DES)}}, 
url={https://tools.ietf.org/html/rfc4772},
author={S. Kelly}, 
year={2021}, 
month={March}
}

@article{aes,
author = {SistlaVasundhara Devi, Harika Devi Kotha},
year = {2019},
month = {04},
title = {AES encryption and decryption standards},
volume = {01},
journal = {Journal of Physics}
}

@article{aes_second,
author = { Abdulrahman Ali, Babak Esparham, Mohamed Marwan},
year = {2018},
month = {08},
title = {A Comparison of Cryptographic Algorithms: DES, 3DES, AES, RSA and Blowfish for Guessing Attacks Prevention},
journal = {Journal of Computer Science Applications and Information Technology},
}

@article{rsa,
author = { M. Preetha1 , M. Nithya},
year = {2013},
month = {06},
volume = {02},
title = {A Study and Performance Analysis of RSA Algorithm},
journal = {International Journal of Computer Science and Mobile Computing},
}

@misc{
usb_speed, 
title={{USB}}, 
url={https://en.wikipedia.org/wiki/USB},
journal={Wikipedia}, 
}

@misc{
vusb, 
title={{V-USB}}, 
url={https://www.obdev.at/products/vusb/index.html},
journal={OBDev}, 
}

@misc{
rsa_speed, 
title={{How Fast is RSA}}, 
url={http://security.nknu.edu.tw/crypto/faq/html/3-1-2.html},
journal={RSA Labs}, 
}

@misc{
exponent, 
title={{65,537}}, 
url={https://en.wikipedia.org/wiki/65,537},
journal={Wikipedia}, 
}

@misc{
fact2, 
title={{RSA Numbers}}, 
url={https://en.wikipedia.org/wiki/RSA\_numbers},
journal={Wikipedia}, 
}

@misc{
native_messaging, 
title={{Native Messaging}}, 
url={https://developer.chrome.com/docs/apps/nativeMessaging/},
journal={Google}, 
}

@misc{
fips, 
title={{FIPS-140}}, 
url={https://en.wikipedia.org/wiki/FIPS\_140},
journal={Wikipedia}, 
}

@misc{
wiki_prime, 
title={{Prime Number Theorem}}, 
url={https://en.wikipedia.org/wiki/Prime\_number\_theorem},
journal={Wikipedia}, 
}

@misc{
usb_endpoints, 
title={{USB Endpoints}}, 
url={https://docs.microsoft.com/en-us/windows-hardware/drivers/usbcon/usb-endpoints-and-their-pipes},
journal={Microsoft}, 
}

@misc{
serial_monitor, 
title={{Arduino Serial Monitor}}, 
url={https://learn.adafruit.com/adafruit-arduino-lesson-5-the-serial-monitor/the-serial-monitor},
journal={Microsoft}, 
}

@misc{
browser_stats, 
title={{Browser Market Share}}, 
url={https://gs.statcounter.com/},
journal={Microsoft}, 
}


@misc{
lib_native, 
title={{libnativemsg}}, 
url={https://github.com/TotallyNotChase/lib-native-messaging},
journal={Microsoft}, 
}

@misc{
injector, 
title={{injector}}, 
url={https://github.com/spacehen/robocraft/tree/main/injector},
journal={Github}, 
}

@misc{
c_json, 
title={{cJSON Library}}, 
url={https://github.com/DaveGamble/cJSON},
journal={Microsoft}, 
}

@misc{
serial_lib, 
title={{Serialib Library}}, 
url={https://github.com/imabot2/serialib},
journal={Microsoft}, 
}

@article{sso1,
author = {Nongbri, Iadalin and Hadem, Pynbianglut and Chettri, Sarat},
year = {2018},
month = {04},
pages = {},
title = {A Survey on Single Sign-On},
volume = {6},
journal={IJCRT}
}

@article{sso2,
author = {Bazaz, Tayibia and Khalique, Aqeel},
year = {2016},
month = {10},
pages = {18-25},
title = {A Review on Single Sign on Enabling Technologies and Protocols},
volume = {151},
journal = {International Journal of Computer Applications},
doi = {10.5120/ijca2016911938}
}

@article{sso3,
author = {Bernardo Machado David, Anderson Nascimento, Rafael Tonicelli},
year = {2011},
pages = {},
title = {A Framework for Secure Single Sign-On},
}


@article{sso4,
author = {Milenković, Ivan and Latinović, Olja and Simić, Dejan},
year = {2013},
month = {06},
pages = {},
title = {Using Kerberos protocol for Single Sign-On in Identity Management Systems},
volume = {5},
journal = {JITA - Journal of Information Technology and Applications (Banja Luka) - APEIRON},
doi = {10.7251/JIT1301027M}
}

@article{sso5,
author = {Bryant, Kay and Campbell, John},
year = {2006},
month = {11},
pages = {},
title = {User Behaviours Associated With Password Security and Management},
volume = {14},
journal = {Australasian Journal of Information Systems},
doi = {10.3127/ajis.v14i1.9}
}

@article{sso6,
author = { Sascha Fahl, Sven Bugiel , Michael Backes},
year = {2017},
pages = {},
title = {Studying the Impact of Managers on Password Strength and Reuse},
}

@article{sso7,
author = {Zhiwei Li, Warren He, Devdatta Akhawe},
year = {2014},
pages = {},
journal={USENIX},
title = {The Emperor’s New Password Manager: Security Analysis of Web-based Password Managers},
}
